<record><leader>00000cas a22000007a 4500</leader><controlfield tag="001">15104896</controlfield><controlfield tag="008">870123d19uu19uutxuwr ne      0    0eng d</controlfield><datafield ind1=" " ind2=" " tag="010"><subfield code="a">sn 86090712 </subfield></datafield><datafield ind1=" " ind2=" " tag="040"><subfield code="a">PPM</subfield><subfield code="b">eng</subfield><subfield code="c">PPM</subfield><subfield code="d">NVM</subfield><subfield code="d">OCLCQ</subfield></datafield><datafield ind1=" " ind2=" " tag="042"><subfield code="a">msc</subfield></datafield><datafield ind1="0" ind2="4" tag="245"><subfield code="a">The Texas Methodist.</subfield></datafield><datafield ind1=" " ind2=" " tag="260"><subfield code="a">Dallas, Tex. :</subfield><subfield code="b">Methodist Conferences of Texas</subfield></datafield><datafield ind1=" " ind2=" " tag="310"><subfield code="a">Weekly</subfield></datafield><datafield ind1=" " ind2=" " tag="580"><subfield code="a">Other ed.: Portales Methodist, &lt;Dec. 21, 1973&gt;.</subfield></datafield><datafield ind1=" " ind2=" " tag="588"><subfield code="a">Description based on: Vol. 114, no. 7 (Aug. 4, 1967).</subfield></datafield><datafield ind1=" " ind2=" " tag="752"><subfield code="a">United States</subfield><subfield code="b">Texas</subfield><subfield code="c">Dallas</subfield><subfield code="d">Dallas.</subfield></datafield><datafield ind1="1" ind2=" " tag="775"><subfield code="t">Portales Methodist</subfield><subfield code="w">(DLC)sn 94056890</subfield></datafield><datafield ind1="0" ind2="0" tag="780"><subfield code="t">Southwestern advocate</subfield><subfield code="w">(OCoLC)15027271</subfield></datafield><datafield ind1="0" ind2="0" tag="785"><subfield code="t">United Methodists reporter</subfield></datafield></record>